@inproceedings{YOLO_paper,
    author = {Joseph Redmon, Santosh Divvala, Ross Girshick, Ali Farhadi},
    title = "You Only Look Once: Unified, Real-Time Object Detection",
    year = 2015,
  }

@inproceedings{DeepSORT_paper,
	author = {Nicolai Wojke, Alex Bewley, Dietrich Paulus},
	title = "Simple Online and Realtime Tracking with a Deep Association Metric",
	year = "2017",
}

@inproceedings{paper_zhang,
	author = {Yaozong Zheng; Bineng Zhong; Qihua Liang; Zhenjun Tang; Rongrong Ji; Xianxian Li},
	title = "Leveraging Local and Global Cues for Visual Tracking via Parallel Interaction Network",
	year = "2022",
}

@inproceedings{paper_SORT,
	author = {Alex Bewley, Zongyuan Ge, Lionel Ott, Fabio Ramos, Ben Upcroft},
	title = "Simple Online and Realtime Tracking",
	year = "2017",
}



